% Encoding: windows-1252

@article{Agol2008,
	title = {Criteria for virtual fibering},
	journal = {Journal of Topology},
	year = {2008},
	author = {Agol, Ian},
}

@book{Humphreys1992,
  title = {Reflection Groups and Coxeter Groups - },
  publisher = {Cambridge University Press},
  year = {1992},
  author = {Humphreys, James E.},
  address = {Cambridge},
  edition = {},
  isbn = {978-0-521-43613-7},
}

@book{Davis2012,
	title = {The Geometry and Topology of Coxeter Groups. (LMS-32) - },
	publisher = {Princeton University Press},
	year = {2012},
	author = {Davis, Michael W.},
	address = {Kassel},
	edition = {},
	isbn = {978-1-400-84594-1},
}

@book{Thomas2018,
	title = {Geometric and Topological Aspects of Coxeter Groups and Buildings - },
	publisher = {European Mathematical Society Publishing House},
	year = {2018},
	author = {Thomas, Anne},
	address = {},
	edition = {},
	isbn = {978-3-037-19189-7},
}

@book{Hatcher2000,
    title = {Algebraic topology},
    publisher = {Cambridge Univ. Press},
    year = {2002},
    author = {Hatcher, Allen},
    address = {Cambridge},
	edition = {},
	isbn = {0-521-79540-0}
}

@article{Thurston1982,
	title = {Three dimensional manifolds, Kleinian groups and hyperbolic geometry},
	publisher = {American Mathematical Society},
	year = {1982},
	author = {William P. Thurston},
	volume = {6},
	journal = {Bulletin (New Series) of the American Mathematical Society},
	number = {3},
	pages = {357 -- 381},
}

@article{Walsh2004,
  title={Great circle links and virtually fibered knots},
  year={2004},
  author={Genevieve Walsh},
  volume={44},
  journal={Topology},
  pages={947-958},
}

@article{Davis2000,
	title = {Right-angled Artin groups are commensurable with right-angled Coxeter groups},
	year = {2000},
	author = {Michael W. Davis and Tadeusz Januszkiewicz},
	volume = {153},
	journal = {Journal of Pure and Applied Algebra},
	number = {3},
	pages = {229-235},
	issn = {0022-4049},
	doi = {https://doi.org/10.1016/S0022-4049(99)00175-9},
}

@Comment{jabref-meta: databaseType:bibtex;}
